@article{Testerman,
  author          = {Donna Testerman},
  title           = {Représentations Linéaires des Groups Finis},
  publisher       = {École Polytechnique Fédérale de Lausanne},
  date            = {March 2022}
}

@article{Schedler,
  author          = {Travis Schedler},
  title           = {Group Representation Theory - Lecture Notes},
  date            = {12/01/2021},
  publisher       = {Imperial College London}
}